<?xml version="1.0" encoding="UTF-8"?><record xmlns="http://www.loc.gov/MARC21/slim" xmlns:cinclude="http://apache.org/cocoon/include/1.0" xmlns:zs="http://www.loc.gov/zing/srw/">
  <leader>00582cz  a2200133n  4500</leader>
  <controlfield tag="001">n  86096021 </controlfield>
  <controlfield tag="003">DLC</controlfield>
  <controlfield tag="005">19900529155803.3</controlfield>
  <controlfield tag="008">870429n| acannaab|          |n aaa ||| c</controlfield>
  <datafield tag="010" ind1=" " ind2=" ">
    <subfield code="a">n  86096021 </subfield>
  </datafield>
  <datafield tag="040" ind1=" " ind2=" ">
    <subfield code="a">DI</subfield>
    <subfield code="c">DLC</subfield>
    <subfield code="d">DLC</subfield>
  </datafield>
  <datafield tag="100" ind1="1" ind2="0">
    <subfield code="a">Kenney, W. John</subfield>
  </datafield>
  <datafield tag="670" ind1=" " ind2=" ">
    <subfield code="a">His Termination of war contracts, 1943:</subfield>
    <subfield code="b">t.p. (W. John Kenney; assistant chief, Procurement Legal Division, Office of the Under Secretary of the Navy)</subfield>
  </datafield>
  <datafield tag="670" ind1=" " ind2=" ">
    <subfield code="a">NUCMC data from Harry S. Truman Libr. for His Papers, 1946-1953</subfield>
    <subfield code="b">(W. John Kenney, 1904- ; govt. official and lawyer; assistant sec. and under sec. of the Navy)</subfield>
  </datafield>
</record>